@ARTICLE{2023ARA&A..61..329A,
       author = {{Aigrain}, Suzanne and {Foreman-Mackey}, Daniel},
        title = "{Gaussian Process Regression for Astronomical Time Series}",
      journal = {\araa},
     keywords = {Astrophysics - Instrumentation and Methods for Astrophysics},
         year = 2023,
        month = aug,
       volume = {61},
        pages = {329-371},
          doi = {10.1146/annurev-astro-052920-103508},
archivePrefix = {arXiv},
       eprint = {2209.08940},
 primaryClass = {astro-ph.IM},
       adsurl = {https://ui.adsabs.harvard.edu/abs/2023ARA&A..61..329A},
      adsnote = {Provided by the SAO/NASA Astrophysics Data System}
}


@article{czekala15,
  author        = {{Czekala}, I. and {Andrews}, S.~M. and {Mandel}, K.~S. and {Hogg}, D.~W. and
                   {Green}, G.~M.},
  title         = {{Constructing a Flexible Likelihood Function for Spectroscopic Inference}},
  journal       = {\apj},
  archiveprefix = {arXiv},
  eprint        = {1412.5177},
  primaryclass  = {astro-ph.SR},
  keywords      = {methods: data analysis, methods: statistical, stars: fundamental parameters, stars: late-type, stars: statistics, techniques: spectroscopic},
  year          = 2015,
  month         = oct,
  volume        = 812,
  eid           = {128},
  pages         = {128},
  doi           = {10.1088/0004-637X/812/2/128},
  adsurl        = {http://adsabs.harvard.edu/abs/2015ApJ...812..128C},
  adsnote       = {Provided by the SAO/NASA Astrophysics Data System}
}


@ARTICLE{2022ApJ...941..200G,
       author = {{Gully-Santiago}, Michael and {Morley}, Caroline V.},
        title = "{An Interpretable Machine-learning Framework for Modeling High-resolution Spectroscopic Data}",
      journal = {\apj},
     keywords = {High resolution spectroscopy, Stellar spectral lines, Astronomy data modeling, GPU computing, Calibration, Radial velocity, Maximum likelihood estimation, Deconvolution, Stellar photospheres, Atomic spectroscopy, Brown dwarfs, Earth atmosphere, 2096, 1630, 1859, 1969, 2179, 1332, 1901, 1910, 1237, 2099, 185, 437, Astrophysics - Instrumentation and Methods for Astrophysics, Astrophysics - Solar and Stellar Astrophysics},
         year = 2022,
        month = dec,
       volume = {941},
       number = {2},
          eid = {200},
        pages = {200},
          doi = {10.3847/1538-4357/aca0a2},
archivePrefix = {arXiv},
       eprint = {2210.01827},
 primaryClass = {astro-ph.IM},
       adsurl = {https://ui.adsabs.harvard.edu/abs/2022ApJ...941..200G},
      adsnote = {Provided by the SAO/NASA Astrophysics Data System}
}

